@article{BriefHistoryOfAI,
author = {Haenlein, Michael and Kaplan, Andreas},
year = {2019},
month = {07},
pages = {000812561986492},
title = {A Brief History of Artificial Intelligence: On the Past, Present, and Future of Artificial Intelligence},
volume = {61},
journal = {California Management Review},
doi = {10.1177/0008125619864925}
}

@article{D2L,
  author       = {Aston Zhang and
                  Zachary C. Lipton and
                  Mu Li and
                  Alexander J. Smola},
  title        = {Dive into Deep Learning},
  journal      = {CoRR},
  volume       = {abs/2106.11342},
  year         = {2021},
  url          = {https://arxiv.org/abs/2106.11342},
  eprinttype    = {arXiv},
  eprint       = {2106.11342},
  timestamp    = {Wed, 30 Jun 2021 16:14:10 +0200},
  biburl       = {https://dblp.org/rec/journals/corr/abs-2106-11342.bib},
  bibsource    = {dblp computer science bibliography, https://dblp.org}
}

@book{IntroVec,
author = {Joag, Pramod},
year = {2016},
month = {05},
pages = {},
title = {An Introduction to Vectors, Vector Operators and Vector Analysis},
isbn = {9781107154438},
journal = {An Introduction to Vectors, Vector Operators and Vector Analysis},
doi = {10.1017/9781316650578}
}

@book{LinAlSchaum, place={New York}, edition={4}, title={Linear Algebra (Schaumâ€™s Outlines)}, publisher={McGraw Hill}, author={Lipschutz, S. and Lipson, M.}, year={2009}} 

@INPROCEEDINGS{cossim,
  author={Lahitani, Alfirna Rizqi and Permanasari, Adhistya Erna and Setiawan, Noor Akhmad},
  booktitle={2016 4th International Conference on Cyber and IT Service Management}, 
  title={Cosine similarity to determine similarity measure: Study case in online essay assessment}, 
  year={2016},
  volume={},
  number={},
  pages={1-6},
  keywords={Data mining;Feature extraction;Information retrieval;Media;Algorithm design and analysis;Frequency measurement;Context;Automated Essay Scoring (AES);TF-IDF;Cosine Similarity},
  doi={10.1109/CITSM.2016.7577578}}

@book{TensorsPorat_2014, title={A Gentle Introduction to Tensors}, publisher={Department of Electrical Engineering Technion, Israel Institute of Technology}, author={Porat, Boaz}, year={2014}} 